<record><leader>00000cas a2200000 a 4500</leader><controlfield tag="001">48561833</controlfield><controlfield tag="008">011210d19651967miuwr n       0    0eng c</controlfield><datafield ind1=" " ind2=" " tag="010"><subfield code="a">sn2001063782</subfield></datafield><datafield ind1=" " ind2=" " tag="040"><subfield code="a">MHN</subfield><subfield code="b">eng</subfield><subfield code="c">MHN</subfield><subfield code="d">OCLCQ</subfield><subfield code="d">OCLCF</subfield><subfield code="d">OCLCO</subfield></datafield><datafield ind1="1" ind2=" " tag="029"><subfield code="a">AU@</subfield><subfield code="b">000023266531</subfield></datafield><datafield ind1=" " ind2=" " tag="042"><subfield code="a">pcc</subfield></datafield><datafield ind1=" " ind2=" " tag="043"><subfield code="a">n-us-mi</subfield></datafield><datafield ind1="0" ind2="4" tag="245"><subfield code="a">The town crier and Stockbridge brief-sun.</subfield></datafield><datafield ind1=" " ind2=" " tag="260"><subfield code="a">Stockbridge, Mich. :</subfield><subfield code="b">s.n.]</subfield></datafield><datafield ind1=" " ind2=" " tag="300"><subfield code="a">v.</subfield></datafield><datafield ind1=" " ind2=" " tag="310"><subfield code="a">Weekly</subfield></datafield><datafield ind1="0" ind2=" " tag="362"><subfield code="a">Vol. 1, no. 22 (June 2, 1965)-v. 73, no. 24 (June 14, 1967).</subfield></datafield><datafield ind1=" " ind2=" " tag="580"><subfield code="a">Formed by the union of: Stockbridge brief-sun, and: Town crier &lt;title uncertain&gt;</subfield></datafield><datafield ind1=" " ind2="0" tag="651"><subfield code="a">Stockbridge (Mich.)</subfield><subfield code="v">Newspapers.</subfield></datafield><datafield ind1=" " ind2="0" tag="651"><subfield code="a">Ingham County (Mich.)</subfield><subfield code="v">Newspapers.</subfield></datafield><datafield ind1=" " ind2="7" tag="655"><subfield code="a">Newspapers.</subfield><subfield code="2">fast</subfield><subfield code="0">(OCoLC)fst01423814</subfield></datafield><datafield ind1=" " ind2="7" tag="651"><subfield code="a">Michigan</subfield><subfield code="z">Ingham County.</subfield><subfield code="2">fast</subfield><subfield code="0">(OCoLC)fst01209050</subfield></datafield><datafield ind1=" " ind2="7" tag="651"><subfield code="a">Michigan</subfield><subfield code="z">Stockbridge.</subfield><subfield code="2">fast</subfield><subfield code="0">(OCoLC)fst01248111</subfield></datafield><datafield ind1=" " ind2=" " tag="752"><subfield code="a">United States</subfield><subfield code="b">Michigan</subfield><subfield code="c">Ingham</subfield><subfield code="d">Stockbridge.</subfield></datafield><datafield ind1="0" ind2="4" tag="780"><subfield code="t">Stockbridge brief-sun</subfield><subfield code="w">(DLC)sn 97063300</subfield><subfield code="w">(OCoLC)36625293</subfield></datafield><datafield ind1="0" ind2="4" tag="780"><subfield code="t">Town crier (Stockbridge, Mich.)</subfield></datafield><datafield ind1="0" ind2="0" tag="785"><subfield code="t">Town crier (Stockbridge, Mich. : 1967)</subfield><subfield code="w">(DLC)sn2001063783</subfield><subfield code="w">(OCoLC)48561872</subfield></datafield></record>